@article{jiang2005quorum,
  title={Quorum-based asynchronous power-saving protocols for IEEE 802.11 ad hoc networks},
  author={Jiang, Jehn-Ruey and Tseng, Yu-Chee and Hsu, Chih-Shun and Lai, Ten-Hwang},
  journal={Mobile Networks and Applications},
  volume={10},
  number={1-2},
  pages={169--181},
  year={2005},
  publisher={Springer-Verlag New York, Inc.}
}


@inproceedings{luk1997two,
  title={Two new quorum based algorithms for distributed mutual exclusion},
  author={Luk, Wai-Shing and Wong, Tien-Tsin},
  booktitle={Distributed Computing Systems, 1997., Proceedings of the 17th International Conference on},
  pages={100--106},
  year={1997},
  organization={IEEE}
}

@article{dunkels2011contikimac,
  title={The contikimac radio duty cycling protocol},
  author={Dunkels, Adam},
  year={2011},
  publisher={Swedish Institute of Computer Science}
}

@article{zeadally2012energy,
  title={Energy-efficient networking: past, present, and future},
  author={Zeadally, Sherali and Khan, Samee Ullah and Chilamkurti, Naveen},
  journal={The Journal of Supercomputing},
  pages={1--26},
  year={2012},
  publisher={Springer}
}

@article{wang2015blinddate,
  title={BlindDate: A neighbor discovery protocol},
  author={Wang, Keyu and Mao, Xufei and Liu, Yunhao},
  journal={IEEE Transactions on Parallel and Distributed Systems},
  volume={26},
  number={4},
  pages={949--959},
  year={2015},
  publisher={IEEE}
}

@inproceedings{qiu2016talk,
  title={Talk more listen less: Energy-efficient neighbor discovery in wireless sensor networks},
  author={Qiu, Ying and Li, Shining and Xu, Xiangsen and Li, Zhigang},
  booktitle={Computer Communications, IEEE INFOCOM 2016-The 35th Annual IEEE International Conference on},
  pages={1--9},
  year={2016},
  organization={IEEE}
}

@inproceedings{dutta2008practical,
  title={Practical asynchronous neighbor discovery and rendezvous for mobile sensing applications},
  author={Dutta, Prabal and Culler, David},
  booktitle={Proceedings of the 6th ACM conference on Embedded network sensor systems},
  pages={71--84},
  year={2008},
  organization={ACM}
}

@inproceedings{sun2014hello,
  title={Hello: A generic flexible protocol for neighbor discovery},
  author={Sun, Wei and Yang, Zheng and Wang, Keyu and Liu, Yunhao},
  booktitle={INFOCOM, 2014 Proceedings IEEE},
  pages={540--548},
  year={2014},
  organization={IEEE}
}

@inproceedings{bakht2012searchlight,
  title={Searchlight: Won't you be my neighbor?},
  author={Bakht, Mehedi and Trower, Matt and Kravets, Robin Hilary},
  booktitle={Proceedings of the 18th annual international conference on Mobile computing and networking},
  pages={185--196},
  year={2012},
  organization={ACM}
}

@inproceedings{chen2015heterogeneous,
  title={On heterogeneous neighbor discovery in wireless sensor networks},
  author={Chen, Lin and Fan, Ruolin and Bian, Kaigui and Gerla, Mario and Wang, Tao and Li, Xiaoming},
  booktitle={Computer Communications (INFOCOM), 2015 IEEE Conference on},
  pages={693--701},
  year={2015},
  organization={IEEE}
}

@inproceedings{kandhalu2010u,
  title={U-connect: a low-latency energy-efficient asynchronous neighbor discovery protocol},
  author={Kandhalu, Arvind and Lakshmanan, Karthik and Rajkumar, Ragunathan Raj},
  booktitle={Proceedings of the 9th ACM/IEEE international conference on information processing in sensor networks},
  pages={350--361},
  year={2010},
  organization={ACM}
}